@article{Abdalla2000,
   title={Quantum statistics and dynamics of nonlinear couplers with nonlinear exchange},
   volume={47},
   ISSN={1362-3044},
   url={http://dx.doi.org/10.1080/095003400147665},
   DOI={10.1080/095003400147665},
   number={6},
   journal={Journal of Modern Optics},
   publisher={Informa UK Limited},
   author={Sebawe Abdalla, Faisal A. A. El-Ora, M.},
   year={2000},
   month={May},
   pages={1055–1087}
}

@article{Adami1998,
	author = {{Adami}, C. and {Cerf}, N.~J.},
    title = {Quantum computation with linear optics},
    journal = {arXiv e-prints},
    keywords = {Quantum Physics},
    year = {1998},
    month = {jun},
    eid = {quant-ph/9806048},
    pages = {quant-ph/9806048},
    archivePrefix = {arXiv},
    eprint = {quant-ph/9806048},
    primaryClass = {quant-ph}
}

@article{Carroll1997,
    author = {Carroll, Sean M.},
    title = {Lecture notes on general relativity},
    eprint = {gr-qc/9712019},
    archivePrefix = {arXiv},
    month = {12},
    year = {1997}
}

@article{Dalton1999,
    author = {B. J. Dalton and Stephen M. Barnett and P. L. Knight},
    title = {Quasi mode theory of the beam splitter-a quantum scattering theory approach},
    journal = {Journal of Modern Optics},
    volume = {46},
    number = {10},
    pages = {1559-1577},
    year  = {1999},
    publisher = {Taylor & Francis},
    doi = {10.1080/09500349908231356},
    URL = {https://doi.org/10.1080/09500349908231356},
    eprint = {https://doi.org/10.1080/09500349908231356}
}

@article{Hamilton2000,
    author = {Hamilton, M. W.},
    title = {Phase shifts in multilayer dielectric beam splitters},
    journal = {American Journal of Physics},
    volume = {68},
    number = {2},
    pages = {186-191},
    year = {2000},
    doi = {10.1119/1.19393},
    URL = {https://doi.org/10.1119/1.19393},
    eprint = {https://doi.org/10.1119/1.19393}
}

@article{Henault2015,
    title={Quantum physics and the beam splitter mystery},
    url={http://dx.doi.org/10.1117/12.2186291},
    DOI={10.1117/12.2186291},
    journal={The Nature of Light: What are Photons? VI},
    publisher={SPIE},
    author={Hénault, François},
    editor={Roychoudhuri, Chandrasekhar and Kracklauer, Al F. and De Raedt, HansEditors},
    year={2015},
    month={Sep}
}

@article{Lai1991,
	title = {Nonclassical fields in a linear directional coupler},
	author = {Lai, W. K. and Buek, V. and Knight, P. L.},
	journal = {Phys. Rev. A},
	volume = {43},
	issue = {11},
	pages = {6323--6336},
	year = {1991},
	month = {Jun},
	publisher = {American Physical Society},
	doi = {10.1103/PhysRevA.43.6323},
	url = {https://link.aps.org/doi/10.1103/PhysRevA.43.6323}
}

@article{Leonhardt2003,
    author = {Leonhardt, Ulf},
    title = {Quantum physics of simple optical instruments},
    journal = {Reports on Progress in Physics},
    keywords = {General Relativity and Quantum Cosmology, Quantum Physics},
    year = 2003,
    month = jul,
    volume = {66},
    number = {7},
    pages = {1207-1249},
    doi = {10.1088/0034-4885/66/7/203},
    archivePrefix = {arXiv},
    eprint = {quant-ph/0305007},
    primaryClass = {gr-qc},
}

@article{Morrison1998,
	title = {Hamiltonian description of the ideal fluid},
	author = {Morrison, P. J.},
	journal = {Rev. Mod. Phys.},
	volume = {70},
	issue = {2},
	pages = {467--521},
	year = {1998},
	month = {Apr},
	publisher = {American Physical Society},
	doi = {10.1103/RevModPhys.70.467},
	url = {https://link.aps.org/doi/10.1103/RevModPhys.70.467}
}

@article{Pismak2014,
    author = {Pis'mak, D. Yu. and Pis'mak, Yu. M. and Wegner, F. J.},
    title = {Electromagnetic Waves in a Model with Chern-Simons Potential},
    eprint = {1406.1598},
    archivePrefix = {arXiv},
    primaryClass = {hep-th},
    doi = {10.1103/PhysRevE.92.013204},
    journal = {Phys. Rev. E},
    volume = {92},
    number = {1},
    year = {2015}
}

@article{Potton2004,
    doi = {10.1088/0034-4885/67/5/r03},
    url = {https://doi.org/10.1088%2F0034-4885%2F67%2F5%2Fr03},
    year = 2004,
    month = {apr},
    publisher = {{IOP} Publishing},
    volume = {67},
    number = {5},
    pages = {717--754},
    author = {R J Potton},
    title = {Reciprocity in optics},
    journal = {Reports on Progress in Physics}
}

@article{Naumov2009,
    author = {Naumov, Dmitry V. and Naumov, Vadim A.},
    editor = {Naumov, Dmitry and Vall, Alexander},
    title = {Relativistic wave packets in a field theoretical approach to neutrino oscillations},
    doi = {10.1007/s11182-010-9458-2},
    journal = {Russ. Phys. J.},
    volume = {53},
    pages = {549--574},
    year = {2010}
}

@article{Naumov2013,
	title = {On the theory of wave packets},
	volume = {10},
	ISSN = {1531-8567},
	DOI = {10.1134/s1547477113070145},
	number = {7},
	journal = {Physics of Particles and Nuclei Letters},
	publisher = {Pleiades Publishing Ltd},
	author = {Naumov, D. V.},
	year = {2013},
	month = {Dec},
	pages = {642–650}
}

@article{Shapiro2009,
    author = {Shapiro, Jeffrey},
    year = {2009},
    month = {01},
    volume = {15},
    number = {6},
    title = {The Quantum Theory of Optical Communications},
    journal = {IEEE journal of selected topics in Quantum Electronics},
    pages={1547--1569},
    publisher={IEEE}
}

@article{Zeilinger1981,
    author = {Zeilinger, A.},
    title = {General properties of lossless beam splitters in interferometry},
    journal = {American Journal of Physics},
    volume = {49},
    number = {9},
    pages = {882-883},
    year = {1981},
    doi = {10.1119/1.12387},
    URL = {https://doi.org/10.1119/1.12387},
    eprint = {https://doi.org/10.1119/1.12387}
}

@article{Zhang1999,
    title = {Coherent states in field theory},
	author = {Zhang, Wei-Min},
    editor = {Mitra, Asoke N.},
    eprint = {hep-th/9908117},
    archivePrefix = {arXiv},
    month = {8},
    year = {1999}
}

@book{Barnett2002,
    title={Methods in Theoretical Quantum Optics},
    author={Barnett, S. and Radmore, P.M.},
    isbn={9780198563617},
    lccn={97013764},
    series={Oxford Series in Optical and Imaging Sciences},
    year={2002},
    publisher={Clarendon Press}
}

@book{Bartelmann2018,
  title={Theoretische Physik 2 | Elektrodynamik},
  author={Bartelmann, M. and Feuerbacher, B. and Kr{\"u}ger, T. and L{\"u}st, D. and Rebhan, A. and Wipf, A.},
  isbn={9783662561171},
  url={https://books.google.de/books?id=BhxpDwAAQBAJ},
  year={2018},
  publisher={Springer Berlin Heidelberg}
}

@book{Bogolubov1989,
  title={General Principles of Quantum Field Theory},
  author={Bogolubov, N.N. and Logunov, A.A. and Oksak, A.I. and Todorov, I.},
  isbn={9780792305408},
  lccn={lc89024674},
  series={Mathematical Physics and Applied Mathematics},
  year={1989},
  publisher={Springer Netherlands}
}

@book{Cohen2019,
  title={Quantum Mechanics, Volume 1: Basic Concepts, Tools, and Applications},
  author={Cohen-Tannoudji, C. and Diu, B. and Lalo{\"e}, F.},
  isbn={9783527345533},
  year={2019},
  publisher={Wiley}
}

@book{Fox2006,
  title={Quantum Optics: An Introduction},
  author={Fox, A.M. and Fox, M. and Fox, D.P.A.M. and Oxford University Press},
  isbn={9780198566724},
  lccn={2005025707},
  series={Oxford Master Series in Physics},
  url={https://books.google.es/books?id=2YESDAAAQBAJ},
  year={2006},
  publisher={OUP Oxford}
}

@book{Fulling1989,
  title={Aspects of Quantum Field Theory in Curved Spacetime},
  author={Fulling, S.A. and a, F.S. and Series, C.M.},
  isbn={9780521377683},
  lccn={89211726},
  series={EBL-Schweitzer},
  year={1989},
  publisher={Cambridge University Press}
}

@book{Gardiner2000,
  title={Quantum Noise: A Handbook of Markovian and Non-Markovian Quantum Stochastic Methods with Applications to Quantum Optics},
  author={Gardiner, C.W. and Gardiner, C.W. and Zoller, P.},
  isbn={9783540665717},
  lccn={99052147},
  series={Springer series in synergetics},
  url={https://books.google.de/books?id=4bJ6MgEACAAJ},
  year={2000},
  publisher={Springer}
}

@book{Gerry2005,
    title={Introductory Quantum Optics},
    author={Gerry, C. and Knight, P. and Knight, P.L.},
    isbn={9780521527354},
    lccn={2004051847},
    year={2005},
    publisher={Cambridge University Press}
}

@book{Griffiths2017,
  title={Introduction to Quantum Mechanics},
  author={Griffiths, D.J.},
  isbn={9781107179868},
  lccn={2016427941},
  year={2017},
  publisher={Cambridge University Press}
}

@book{Greiner2013,
    title={Field Quantization},
    author={Greiner, W. and Bromley, D.A. and Reinhardt, J.},
    isbn={9783642614859},
    lccn={95045449},
    year={2013},
    publisher={Springer Berlin Heidelberg}
}

@book{Goldstein2014,
  title={Classical Mechanics: Pearson New International Edition},
  author={Goldstein, H. and Poole, C.P. and Safko, J.L.},
  isbn={9781292038933},
  year={2014},
  publisher={Pearson Education Limited}
}

@book{Haag2012,
  title={Local Quantum Physics: Fields, Particles, Algebras},
  author={Haag, R.},
  isbn={9783642614583},
  lccn={96018937},
  series={Theoretical and Mathematical Physics},
  year={2012},
  publisher={Springer Berlin Heidelberg}
}

@book{Haroche2006,
    title={Exploring the Quantum: Atoms, Cavities, and Photons},
    author={Haroche, S. and Raimond, J.M. and Oxford University Press},
    isbn={9780198509141},
    lccn={2006297143},
    series={Oxford Graduate Texts},
    year={2006},
    publisher={OUP Oxford}
}

@book{Itzykson2012,
  title={Quantum Field Theory},
  author={Itzykson, C. and Zuber, J.B.},
  isbn={9780486134697},
  series={Dover Books on Physics},
  year={2012},
  publisher={Dover Publications}
}

@book{Jackson2007,
    title={Classical Electrodynamics, 3RD ED},
    author={Jackson, J.D.},
    isbn={9788126510948},
    lccn={97046873},
    year={2007},
    publisher={Wiley India Pvt. Limited}
}

@book{Lancaster2014,
    title={Quantum Field Theory for the Gifted Amateur},
    author={Lancaster, T. and Stephen, J.},
    isbn={9780199699339},
    year={2014},
    publisher={OUP Oxford}
}

@book{Leonhardt2010,
    title={Essential Quantum Optics: From Quantum Measurements to Black Holes},
    author={Leonhardt, U.},
    isbn={9780521869782},
    lccn={2010279113},
    year={2010},
    publisher={Cambridge University Press}
}

@book{Luks2009,
	title={Quantum Aspects of Light Propagation},
	author={Luk{\v{s}}, A. and Perinov{\'a}, V.},
	isbn={9780387855905},
	lccn={2009930842},
	url={https://books.google.de/books?id=QypCM4ak\_hQC},
	year={2009},
	publisher={Springer US}
}

@book{Loudon2000,
    title={The Quantum Theory of Light},
    author={Loudon, R.},
    isbn={9780191589782},
    year={2000},
    publisher={OUP Oxford}
}

@book{Madhow2008,
	title={Fundamentals of Digital Communication},
	author={Madhow, U.},
	isbn={9781139470261},
	year={2008},
	publisher={Cambridge University Press}
}

@book{Mandel1995,
  title={Optical Coherence and Quantum Optics},
  author={Mandel, L. and Wolf, E. and Cambridge University Press},
  isbn={9780521417112},
  lccn={93488873},
  series={EBL-Schweitzer},
  url={https://books.google.de/books?id=FeBix14iM70C},
  year={1995},
  publisher={Cambridge University Press}
}

@book{Meystre2007,
    title={Elements of Quantum Optics},
    author={Meystre, P. and Sargent, M.},
    isbn={9783540742111},
    year={2007},
    publisher={Springer-Verlag Berlin Heidelberg}
}

@book{Mukhanov2007,
  title={Introduction to Quantum Effects in Gravity},
  author={Mukhanov, V. and Winitzki, S. and Cambridge University Press},
  isbn={9780521868341},
  lccn={2007530526},
  year={2007},
  publisher={Cambridge University Press}
}

@book{Murti2014,
  title={Essentials of Nonlinear Optics},
  author={Murti, Y.V.G.S. and Vijayan, C.},
  isbn={9781118902349},
  series={ANE/Athena Books},
  url={https://books.google.de/books?id=jEz1AwAAQBAJ},
  year={2014},
  publisher={Wiley}
}

@book{NBS1981,
    title={NBS Technical Note 1034},
    author={United States. National Bureau of Standards},
    series={NBS Technical Note},
    url={https://nvlpubs.nist.gov/nistpubs/Legacy/TN/nbstechnicalnote1034.pdf},
    year={1981},
    publisher={U.S. Government Printing Office}
}

@book{Peskin1995,
  title={An Introduction To Quantum Field Theory},
  author={Peskin, M.E. and Schroeder, D.V.},
  isbn={9780813345437},
  series={Frontiers in Physics},
  year={1995},
  publisher={Avalon Publishing}
}

@book{Saleh2007,
  title={Fundamentals of Photonics},
  author={Saleh, B.E.A. and Teich, M.C.},
  isbn={9780471358329},
  lccn={2008277958},
  series={Wiley Series in Pure and Applied Optics},
  url={https://books.google.de/books?id=Ve8eAQAAIAAJ},
  year={2007},
  publisher={Wiley}
}

@book{Schwartz2014,
  title={Quantum Field Theory and the Standard Model},
  author={Schwartz, M.D.},
  isbn={9781107034730},
  lccn={2013016195},
  series={Quantum Field Theory and the Standard Model},
  year={2014},
  publisher={Cambridge University Press}
}

@book{Srednicki2007,
  title={Quantum Field Theory},
  author={Srednicki, M.},
  isbn={9781139462761},
  year={2007},
  publisher={Cambridge University Press}
}

@book{Streater2016,
  title={PCT, Spin and Statistics, and All That},
  author={Streater, R.F. and Wightman, A.S.},
  isbn={9781400884230},
  lccn={00061116},
  series={Princeton Landmarks in Mathematics and Physics},
  year={2016},
  publisher={Princeton University Press}
}

@book{Zee2010,
  title={Quantum Field Theory in a Nutshell: Second Edition},
  author={Zee, A.},
  isbn={9781400835324},
  lccn={2009015469},
  series={In a Nutshell},
  year={2010},
  publisher={Princeton University Press}
}

@inproceedings{Brunner2017,
  author={Brunner, Hans H. and Comandar, Lucian C. and Karinou, Fotini and Bettelli, Stefano and Hillerkuss, David and Fung, Fred and Wang, Dawei and Mikroulis, Spiros and Qian Yi and Kuschnerov, Maxim and Poppe, Andreas and Changsong Xie and Peev, Momtchil},
  booktitle={2017 19th International Conference on Transparent Optical Networks (ICTON)},
  title={A low-complexity heterodyne CV-QKD architecture},
  year={2017},
  pages={1-4},
  doi={10.1109/ICTON.2017.8025030}
}

@phdthesis{QuesadaMejia2015,
  author={Quesada Mejia, Juan Nicolas}, 
  title={Very Nonlinear Quantum Optics},
  school={University of Toronto},
  year={2015},
  month={11}
}

@misc{Nossek2015,
  author={Nossek, Josef A. },
  title={Systeme der Signalverarbeitung - Skriptum zur Vorlesung},
  year={2015},
  publisher={Lehrstuhl für Netzwerktheorie und Signalverarbeitung, Technische Universität München}
}