@article{Adami1998,
	author = {{Adami}, C. and {Cerf}, N.~J.},
    title = {Quantum computation with linear optics},
    journal = {arXiv e-prints},
    keywords = {Quantum Physics},
    year = {1998},
    month = {jun},
    eid = {quant-ph/9806048},
    pages = {quant-ph/9806048},
    archivePrefix = {arXiv},
    eprint = {quant-ph/9806048},
    primaryClass = {quant-ph}
}

@article{Carroll1997,
    author = {Carroll, Sean M.},
    title = {Lecture notes on general relativity},
    eprint = {gr-qc/9712019},
    archivePrefix = {arXiv},
    month = {12},
    year = {1997}
}

@article{Dalton1999,
    author = {B. J. Dalton and Stephen M. Barnett and P. L. Knight},
    title = {Quasi mode theory of the beam splitter-a quantum scattering theory approach},
    journal = {Journal of Modern Optics},
    volume = {46},
    number = {10},
    pages = {1559-1577},
    year  = {1999},
    publisher = {Taylor & Francis},
    doi = {10.1080/09500349908231356},
    URL = {https://doi.org/10.1080/09500349908231356},
    eprint = {https://doi.org/10.1080/09500349908231356}
}

@article{Hamilton2000,
    author = {Hamilton, M. W.},
    title = {Phase shifts in multilayer dielectric beam splitters},
    journal = {American Journal of Physics},
    volume = {68},
    number = {2},
    pages = {186-191},
    year = {2000},
    doi = {10.1119/1.19393},
    URL = {https://doi.org/10.1119/1.19393},
    eprint = {https://doi.org/10.1119/1.19393}
}

@article{Henault2015,
    title={Quantum physics and the beam splitter mystery},
    url={http://dx.doi.org/10.1117/12.2186291},
    DOI={10.1117/12.2186291},
    journal={The Nature of Light: What are Photons? VI},
    publisher={SPIE},
    author={Hénault, François},
    editor={Roychoudhuri, Chandrasekhar and Kracklauer, Al F. and De Raedt, HansEditors},
    year={2015},
    month={Sep}
}

@article{Leonhardt2003,
    author = {Leonhardt, Ulf},
    title = {Quantum physics of simple optical instruments},
    journal = {Reports on Progress in Physics},
    keywords = {General Relativity and Quantum Cosmology, Quantum Physics},
    year = 2003,
    month = jul,
    volume = {66},
    number = {7},
    pages = {1207-1249},
    doi = {10.1088/0034-4885/66/7/203},
    archivePrefix = {arXiv},
    eprint = {quant-ph/0305007},
    primaryClass = {gr-qc},
}

@article{Morrison1998,
  title = {Hamiltonian description of the ideal fluid},
  author = {Morrison, P. J.},
  journal = {Rev. Mod. Phys.},
  volume = {70},
  issue = {2},
  pages = {467--521},
  year = {1998},
  month = {Apr},
  publisher = {American Physical Society},
  doi = {10.1103/RevModPhys.70.467},
  url = {https://link.aps.org/doi/10.1103/RevModPhys.70.467}
}

@article{Potton2004,
    doi = {10.1088/0034-4885/67/5/r03},
    url = {https://doi.org/10.1088%2F0034-4885%2F67%2F5%2Fr03},
    year = 2004,
    month = {apr},
    publisher = {{IOP} Publishing},
    volume = {67},
    number = {5},
    pages = {717--754},
    author = {R J Potton},
    title = {Reciprocity in optics},
    journal = {Reports on Progress in Physics}
}

@article{Naumov2009,
    author = {Naumov, Dmitry V. and Naumov, Vadim A.},
    editor = {Naumov, Dmitry and Vall, Alexander},
    title = {Relativistic wave packets in a field theoretical approach to neutrino oscillations},
    doi = {10.1007/s11182-010-9458-2},
    journal = {Russ. Phys. J.},
    volume = {53},
    pages = {549--574},
    year = {2010}
}

@article{Naumov2013,
	title = {On the theory of wave packets},
	volume = {10},
	ISSN = {1531-8567},
	DOI = {10.1134/s1547477113070145},
	number = {7},
	journal = {Physics of Particles and Nuclei Letters},
	publisher = {Pleiades Publishing Ltd},
	author = {Naumov, D. V.},
	year = {2013},
	month = {Dec},
	pages = {642–650}
}

@article{Shapiro2009,
    author = {Shapiro, Jeffrey},
    year = {2009},
    month = {01},
    volume = {15},
    number = {6},
    title = {The Quantum Theory of Optical Communications},
    journal = {IEEE journal of selected topics in Quantum Electronics},
    pages={1547--1569},
    publisher={IEEE}
}

@article{Zeilinger1981,
    author = {Zeilinger, A.},
    title = {General properties of lossless beam splitters in interferometry},
    journal = {American Journal of Physics},
    volume = {49},
    number = {9},
    pages = {882-883},
    year = {1981},
    doi = {10.1119/1.12387},
    URL = {https://doi.org/10.1119/1.12387},
    eprint = {https://doi.org/10.1119/1.12387}
}

@article{Zhang1999,
    title = {Coherent states in field theory},
	author = {Zhang, Wei-Min},
    editor = {Mitra, Asoke N.},
    eprint = {hep-th/9908117},
    archivePrefix = {arXiv},
    month = {8},
    year = {1999}
}