@book{Barnett2002,
    title={Methods in Theoretical Quantum Optics},
    author={Barnett, S. and Radmore, P.M.},
    isbn={9780198563617},
    lccn={97013764},
    series={Oxford Series in Optical and Imaging Sciences},
    year={2002},
    publisher={Clarendon Press}
}

@book{Bogolubov1989,
  title={General Principles of Quantum Field Theory},
  author={Bogolubov, N.N. and Logunov, A.A. and Oksak, A.I. and Todorov, I.},
  isbn={9780792305408},
  lccn={lc89024674},
  series={Mathematical Physics and Applied Mathematics},
  year={1989},
  publisher={Springer Netherlands}
}

@book{Cohen2019,
  title={Quantum Mechanics, Volume 1: Basic Concepts, Tools, and Applications},
  author={Cohen-Tannoudji, C. and Diu, B. and Lalo{\"e}, F.},
  isbn={9783527345533},
  year={2019},
  publisher={Wiley}
}

@book{Fox2006,
  title={Quantum Optics: An Introduction},
  author={Fox, A.M. and Fox, M. and Fox, D.P.A.M. and Oxford University Press},
  isbn={9780198566724},
  lccn={2005025707},
  series={Oxford Master Series in Physics},
  url={https://books.google.es/books?id=2YESDAAAQBAJ},
  year={2006},
  publisher={OUP Oxford}
}

@book{Fulling1989,
  title={Aspects of Quantum Field Theory in Curved Spacetime},
  author={Fulling, S.A. and a, F.S. and Series, C.M.},
  isbn={9780521377683},
  lccn={89211726},
  series={EBL-Schweitzer},
  year={1989},
  publisher={Cambridge University Press}
}

@book{Gerry2005,
    title={Introductory Quantum Optics},
    author={Gerry, C. and Knight, P. and Knight, P.L.},
    isbn={9780521527354},
    lccn={2004051847},
    year={2005},
    publisher={Cambridge University Press}
}

@book{Griffiths2017,
  title={Introduction to Quantum Mechanics},
  author={Griffiths, D.J.},
  isbn={9781107179868},
  lccn={2016427941},
  year={2017},
  publisher={Cambridge University Press}
}

@book{Greiner2013,
    title={Field Quantization},
    author={Greiner, W. and Bromley, D.A. and Reinhardt, J.},
    isbn={9783642614859},
    lccn={95045449},
    year={2013},
    publisher={Springer Berlin Heidelberg}
}

@book{Goldstein2014,
  title={Classical Mechanics: Pearson New International Edition},
  author={Goldstein, H. and Poole, C.P. and Safko, J.L.},
  isbn={9781292038933},
  year={2014},
  publisher={Pearson Education Limited}
}

@book{Haag2012,
  title={Local Quantum Physics: Fields, Particles, Algebras},
  author={Haag, R.},
  isbn={9783642614583},
  lccn={96018937},
  series={Theoretical and Mathematical Physics},
  year={2012},
  publisher={Springer Berlin Heidelberg}
}

@book{Haroche2006,
    title={Exploring the Quantum: Atoms, Cavities, and Photons},
    author={Haroche, S. and Raimond, J.M. and Oxford University Press},
    isbn={9780198509141},
    lccn={2006297143},
    series={Oxford Graduate Texts},
    year={2006},
    publisher={OUP Oxford}
}

@book{Itzykson2012,
  title={Quantum Field Theory},
  author={Itzykson, C. and Zuber, J.B.},
  isbn={9780486134697},
  series={Dover Books on Physics},
  year={2012},
  publisher={Dover Publications}
}

@book{Jackson2007,
    title={Classical Electrodynamics, 3RD ED},
    author={Jackson, J.D.},
    isbn={9788126510948},
    lccn={97046873},
    year={2007},
    publisher={Wiley India Pvt. Limited}
}

@book{Lancaster2014,
    title={Quantum Field Theory for the Gifted Amateur},
    author={Lancaster, T. and Stephen, J.},
    isbn={9780199699339},
    year={2014},
    publisher={OUP Oxford}
}

@book{Leonhardt2010,
    title={Essential Quantum Optics: From Quantum Measurements to Black Holes},
    author={Leonhardt, U.},
    isbn={9780521869782},
    lccn={2010279113},
    year={2010},
    publisher={Cambridge University Press}
}

@book{Loudon2000,
    title={The Quantum Theory of Light},
    author={Loudon, R.},
    isbn={9780191589782},
    year={2000},
    publisher={OUP Oxford}
}

@book{Meystre2007,
    title={Elements of Quantum Optics},
    author={Meystre, P. and Sargent, M.},
    isbn={9783540742111},
    year={2007},
    publisher={Springer-Verlag Berlin Heidelberg}
}

@book{Mukhanov2007,
  title={Introduction to Quantum Effects in Gravity},
  author={Mukhanov, V. and Winitzki, S. and Cambridge University Press},
  isbn={9780521868341},
  lccn={2007530526},
  year={2007},
  publisher={Cambridge University Press}
}

@book{NBS1981,
    title={NBS Technical Note 1034},
    author={United States. National Bureau of Standards},
    series={NBS Technical Note},
    url={https://nvlpubs.nist.gov/nistpubs/Legacy/TN/nbstechnicalnote1034.pdf},
    year={1981},
    publisher={U.S. Government Printing Office}
}

@book{Peskin1995,
  title={An Introduction To Quantum Field Theory},
  author={Peskin, M.E. and Schroeder, D.V.},
  isbn={9780813345437},
  series={Frontiers in Physics},
  year={1995},
  publisher={Avalon Publishing}
}

@book{Schwartz2014,
  title={Quantum Field Theory and the Standard Model},
  author={Schwartz, M.D.},
  isbn={9781107034730},
  lccn={2013016195},
  series={Quantum Field Theory and the Standard Model},
  year={2014},
  publisher={Cambridge University Press}
}

@book{Srednicki2007,
  title={Quantum Field Theory},
  author={Srednicki, M.},
  isbn={9781139462761},
  year={2007},
  publisher={Cambridge University Press}
}

@book{Streater2016,
  title={PCT, Spin and Statistics, and All That},
  author={Streater, R.F. and Wightman, A.S.},
  isbn={9781400884230},
  lccn={00061116},
  series={Princeton Landmarks in Mathematics and Physics},
  year={2016},
  publisher={Princeton University Press}
}

@book{Zee2010,
  title={Quantum Field Theory in a Nutshell: Second Edition},
  author={Zee, A.},
  isbn={9781400835324},
  lccn={2009015469},
  series={In a Nutshell},
  year={2010},
  publisher={Princeton University Press}
}