@phdthesis{QuesadaMejia2015,
    author = {Quesada Mejia, Juan Nicolas}, 
    title = {Very Nonlinear Quantum Optics},
    school = {University of Toronto},
    year = 2015,
    month = 11
}
